@article{Voronoi1908,
author = {Voronoi, Georges},
journal = {Journal für die reine und angewandte Mathematik},
keywords = {quadratic forms in many variables; equivalence class of quadratic forms},
pages = {198-287},
title = {Nouvelles applications des paramètres continus à la théorie des formes quadratiques. Deuxième mémoire. Recherches sur les parallélloèdres primitifs.},
url = {http://eudml.org/doc/149291},
volume = {134},
year = {1908},
}

@article{VOISE,
title={The VOISE algorithm: a versatile tool for automatic segmentation of astronomical images},
volume={398},
DOI={10.1111/j.1365-2966.2009.15218.x},
number={3},
journal={Monthly Notices of the Royal Astronomical Society},
author={Guio, P. and Achilleos, N.},
year={2009},
pages={1254-1262}
}

@ARTICLE{skiz,
author={R. E. Sequeira and F. J. Preteux},
journal={IEEE Transactions on Pattern Analysis and Machine Intelligence},
title={Discrete Voronoi diagrams and the SKIZ operator: a dynamic algorithm},
year={1997},
volume={19},
number={10},
pages={1165-1170},
keywords={computational geometry;image segmentation;SKIZ;SKIZ operator;adjacency;discrete Voronoi diagrams;dynamic algorithm;neighbor relationships;pixels;seeds;skeletons by influence zones;Euclidean distance;Heuristic algorithms;Image coding;Image segmentation;Interpolation;Partitioning algorithms;Pattern recognition;Skeleton;Testing;Virtual reality},
doi={10.1109/34.625128},
ISSN={0162-8828},
}

@article{chem_voronoi,
title={Voronoi deformation density (VDD) charges: Assessment of the Mulliken, Bader, Hirshfeld, Weinhold, and VDD methods for charge analysis},
volume={25},
DOI={10.1002/jcc.10351},
number={2},
journal={Journal of Computational Chemistry},
author={Fonseca Guerra, Célia and Handgraaf, Jan-Willem and Baerends, Evert Jan and Bickelhaupt, F. Matthias},
year={2003},
pages={189-210}
}

@book{shontz_2010,
place={Berlin, Heidelberg},
title={Proceedings of the 19th International Meshing Roundtable},
publisher={Springer Berlin Heidelberg},
author={Shontz, Suzanne},
year={2010}
},

@article{zaninetti_2006,
title={On the Large-Scale Structure of the Universe as given by the Voronoi Diagrams},
volume={6},
DOI={10.1088/1009-9271/6/4/01},
number={4},
journal={Chinese Journal of Astronomy and Astrophysics},
author={Zaninetti, L},
year={2006},
pages={387-395}
}

@article{ramella_2001,
title={Finding galaxy clusters using Voronoi tessellations},
volume={368},
DOI={10.1051/0004-6361:20010071},
number={3},
journal={Astronomy and Astrophysics},
author={Ramella, M. and Boschin, W. and Fadda, D. and Nonino, M.},
year={2001},
pages={776-786}
}

@article{ikeuchi_turner_1991,
title={Quasi-periodic structures in the large-scale galaxy distribution and three-dimensional Voronoi tessellation},
volume={250},
DOI={10.1093/mnras/250.3.519},
number={3},
journal={Monthly Notices of the Royal Astronomical Society},
author={Ikeuchi, S. and Turner, E. L.},
year={1991},
pages={519-522}
}

@article{ryden_1995,
title={Measuring Q 0 from the Distortion of Voids in Redshift Space},
volume={452},
DOI={10.1086/176277},
journal={The Astrophysical Journal},
author={Ryden, Barbara S.},
year={1995},
pages={25}
}

@article{VOISE2,
author = {Guio, Patrick and Achilleos, Nicholas},
year = {2010},
month = {10},
title = {A New Method for Determining Geometry of Planetary Images}
}

@article{VOISE3,
author = {Patrick G. Achilleos N and R. Prange},
year = {2010},
month = {10},
title = {A New Method for Determining Geometry of Planetary Images}
}

@article{PAM,
journal={Wiley Series in Probability and Statistics},
year={1990}
}

@MISC{Eigen,
  author = {Ga\"{e}l Guennebaud and Beno\^{i}t Jacob and others},
  title = {Eigen v3},
  howpublished = {http://eigen.tuxfamily.org},
  year = {2010}
}
 
@article{green_sibson_1978,
title={Computing Dirichlet Tessellations in the Plane},
volume={21},
DOI={10.1093/comjnl/21.2.168},
number={2},
journal={The Computer Journal},
author={Green, P. J. and Sibson, R.},
year={1978},
pages={168-173}
}